<collection xmlns="http://www.loc.gov/MARC21/slim">
<record>
  <leader>01683nam0a22003251i 450 </leader>
  <controlfield tag="001">IT\ICCU\CNCE\070217</controlfield>
  <controlfield tag="005">20130130000000.0</controlfield>
  <datafield tag="100" ind1=" " ind2=" ">
    <subfield code="a">20070412d1513        0itac0103    ba</subfield>
  </datafield>
  <datafield tag="101" ind1=" " ind2=" ">
    <subfield code="a">LAT</subfield>
  </datafield>
  <datafield tag="102" ind1=" " ind2=" ">
    <subfield code="a">IT</subfield>
  </datafield>
  <datafield tag="200" ind1="1" ind2=" ">
    <subfield code="a">℗Pyndarus ℗De bello Troiano. Astyanax Maphei Laudensis. Epigrammata quaedam diuersorum auctorum</subfield>
  </datafield>
  <datafield tag="210" ind1=" " ind2=" ">
    <subfield code="e">Venetiis</subfield>
    <subfield code="g">in officina Ioannis Tachuini de Tridino</subfield>
    <subfield code="h">1513</subfield>
  </datafield>
  <datafield tag="215" ind1=" " ind2=" ">
    <subfield code="a">\34! c.</subfield>
    <subfield code="c">ill</subfield>
    <subfield code="d">8ʻ</subfield>
  </datafield>
  <datafield tag="300" ind1=" " ind2=" ">
    <subfield code="a">ANNULLATA  ̈la 32962!!!Per l&apos;autore, cfr.: Baebii Italici Ilias Latina ... A cura di Marco Scaffai, Bologna, 1997. Opera attribuita anche a Silio Italico e a Pindaro Tebano</subfield>
  </datafield>
  <datafield tag="620" ind1=" " ind2=" ">
    <subfield code="a">IT</subfield>
    <subfield code="d">Venezia</subfield>
  </datafield>
  <datafield tag="700" ind1=" " ind2="0">
    <subfield code="a">Baebius</subfield>
    <subfield code="c"> : Italicus</subfield>
    <subfield code="3">IT\ICCU\CNCA\016414</subfield>
  </datafield>
  <datafield tag="702" ind1=" " ind2="0">
    <subfield code="a">Pindarus</subfield>
    <subfield code="c"> : Thebanus</subfield>
    <subfield code="3">IT\ICCU\CNCA\016577</subfield>
  </datafield>
  <datafield tag="702" ind1=" " ind2="1">
    <subfield code="a">Silius Italicus,</subfield>
    <subfield code="b">Tiberius Catius Asconius</subfield>
    <subfield code="3">IT\ICCU\CNCA\008635</subfield>
  </datafield>
  <datafield tag="702" ind1=" " ind2="1">
    <subfield code="a">Vegio,</subfield>
    <subfield code="b">Maffeo</subfield>
    <subfield code="3">IT\ICCU\CNCA\008638</subfield>
  </datafield>
  <datafield tag="712" ind1="0" ind2="0">
    <subfield code="a">Tacuino, Giovanni</subfield>
    <subfield code="3">IT\ICCU\CNCT\000206</subfield>
    <subfield code="4">650</subfield>
  </datafield>
  <datafield tag="790" ind1=" " ind2="0">
    <subfield code="a">Silio</subfield>
    <subfield code="c"> : Italico</subfield>
    <subfield code="3">IT\ICCU\CNCA\024754</subfield>
    <subfield code="z">Silius Italicus, Tiberius Catius Asconius</subfield>
  </datafield>
  <datafield tag="790" ind1=" " ind2="0">
    <subfield code="a">Sillius</subfield>
    <subfield code="c"> : Italicus</subfield>
    <subfield code="3">IT\ICCU\CNCA\024755</subfield>
    <subfield code="z">Silius Italicus, Tiberius Catius Asconius</subfield>
  </datafield>
  <datafield tag="790" ind1=" " ind2="1">
    <subfield code="a">Vegius,</subfield>
    <subfield code="b">Mapheus</subfield>
    <subfield code="3">IT\ICCU\CNCA\013420</subfield>
    <subfield code="z">Vegio, Maffeo</subfield>
  </datafield>
  <datafield tag="790" ind1=" " ind2="1">
    <subfield code="a">Veggio,</subfield>
    <subfield code="b">Maffeo</subfield>
    <subfield code="3">IT\ICCU\CNCA\013591</subfield>
    <subfield code="z">Vegio, Maffeo</subfield>
  </datafield>
  <datafield tag="790" ind1=" " ind2="0">
    <subfield code="a">Maphaeus</subfield>
    <subfield code="c"> : Laudensis</subfield>
    <subfield code="3">IT\ICCU\CNCA\024545</subfield>
    <subfield code="z">Vegio, Maffeo</subfield>
  </datafield>
  <datafield tag="791" ind1="0" ind2="0">
    <subfield code="a">Cereto, Ioannes de</subfield>
    <subfield code="3">IT\ICCU\CNCT\002713</subfield>
    <subfield code="z">Tacuino, Giovanni</subfield>
  </datafield>
  <datafield tag="791" ind1="0" ind2="2">
    <subfield code="a">Ioannes de Cereto de Tridino</subfield>
    <subfield code="3">IT\ICCU\CNCT\002724</subfield>
    <subfield code="z">Tacuino, Giovanni</subfield>
  </datafield>
  <datafield tag="791" ind1="0" ind2="0">
    <subfield code="a">Tacuinus, Ioannes</subfield>
    <subfield code="3">IT\ICCU\CNCT\005546</subfield>
    <subfield code="z">Tacuino, Giovanni</subfield>
  </datafield>
  <datafield tag="801" ind1=" " ind2="3">
    <subfield code="a">IT</subfield>
    <subfield code="b">ICCU</subfield>
    <subfield code="c">20201115</subfield>
  </datafield>
  <datafield tag="899" ind1=" " ind2=" ">
    <subfield code="a">Biblioteca del Seminario vescovile. Pontremoli</subfield>
    <subfield code="1">MS0019</subfield>
    <subfield code="2">RT1 PP</subfield>
  </datafield>
</record>
</collection>
